<?xml version="1.0" encoding="UTF-8"?><collection xmlns="http://www.loc.gov/MARC21/slim"><record><leader>00430nam--2200133-i-4500</leader><controlfield tag="001">000003150</controlfield><controlfield tag="002">20161230</controlfield><controlfield tag="005">20161230201025</controlfield><controlfield tag="008">060222s1000------------r-----000-0-eng-d</controlfield><datafield ind1=" " ind2=" " tag="080"><subfield code="a">53.08</subfield></datafield><datafield ind1=" " ind2=" " tag="100"><subfield code="a">Bruckshaw, J. Mc G</subfield></datafield><datafield ind1=" " ind2=" " tag="245"><subfield code="a">Magnetic variometers of the schmidt type. their full use...illustrated by details of the hilger and watts variometers</subfield></datafield><datafield ind1=" " ind2=" " tag="260"><subfield code="a">London, Hilger And Watts, /1954/ Viii+115 P. Cu Fig</subfield></datafield><datafield ind1=" " ind2=" " tag="852"><subfield code="a">12194</subfield></datafield></record></collection>